@book{mcclellan2003signal,
  title={Signal processing first},
  author={McClellan, James H and Schafer, Ronald W and Yoder, Mark A},
  year={2003},
  publisher={Pearson education Upper Saddle River, NJ}
}

@article{goldberg1988genetic,
  title={Genetic algorithms and machine learning},
  author={Goldberg, David E and Holland, John H},
  journal={Machine learning},
  volume={3},
  number={2},
  pages={95--99},
  year={1988},
  publisher={Springer}
}

@article{hartigan1979algorithm,
  title={Algorithm AS 136: A k-means clustering algorithm},
  author={Hartigan, John A and Wong, Manchek A},
  journal={Journal of the Royal Statistical Society. Series C (Applied Statistics)},
  volume={28},
  number={1},
  pages={100--108},
  year={1979},
  publisher={JSTOR}
}

@Article{ArticleNo1,
  author = 	 {Mishra, S. and Leinakse, M. and Palu, I.},
  title = 	 {Wind power variation identification using ramping behavior analysis},
  journal = 	 {Energy Procedia},
  volume={141},
  pages={565--571},
  year={2017},
  publisher={Elsevier}
}


@Article{ArticleNo2,
  author = 	 {S. Mishra and M. Leinakse and I. Palu and J. Kilter},
  title = 	 {Ramping Behaviour Analysis of Wind Farms},
  journal = 	 {EEEIC2018},
  year = 	 {2018},
  volume = 	 {1},
  number = 	 {1},
  pages = 	 {1--7},
}