@inproceedings{agarwal2014mathematical,
  title={Mathematical analysis of blackman window function in fractional Fourier transform domain},
  author={Agarwal, Prabhakar and Singh, S Pratap and kumar Pandey, V},
  booktitle={Medical Imaging, m-Health and Emerging Communication Systems (MedCom), 2014 International Conference on},
  pages={120--125},
  year={2014},
  organization={IEEE}
}

@article{bianco2016wind,
  title={A wind energy ramp tool and metric for measuring the skill of numerical weather prediction models},
  author={Bianco, Laura and Djalalova, Irina V and Wilczak, James M and Cline, Joel and Calvert, Stan and Konopleva-Akish, Elena and Finley, Cathy and Freedman, Jeffrey},
  journal={Weather and Forecasting},
  volume={31},
  number={4},
  pages={1137--1156},
  year={2016}
}

@article{anselin2006geoda,
  title={GeoDa: an introduction to spatial data analysis},
  author={Anselin, Luc and Syabri, Ibnu and Kho, Youngihn},
  journal={Geographical analysis},
  volume={38},
  number={1},
  pages={5--22},
  year={2006},
  publisher={Wiley Online Library}
}

@inproceedings{sak2014long,
  title={Long short-term memory recurrent neural network architectures for large scale acoustic modeling},
  author={Sak, Ha{\c{s}}im and Senior, Andrew and Beaufays, Fran{\c{c}}oise},
  booktitle={Fifteenth annual conference of the international speech communication association},
  year={2014}
}

@article{carle1997modeling,
  title={Modeling spatial variability with one and multidimensional continuous-lag Markov chains},
  author={Carle, Steven F and Fogg, Graham E},
  journal={Mathematical Geology},
  volume={29},
  number={7},
  pages={891--918},
  year={1997},
  publisher={Springer}
}

@article{rey2001spatial,
  title={Spatial empirics for economic growth and convergence},
  author={Rey, Sergio J},
  journal={Geographical analysis},
  volume={33},
  number={3},
  pages={195--214},
  year={2001},
  publisher={Wiley Online Library}
}

@article{kaut2014copula,
  title={A copula-based heuristic for scenario generation},
  author={Kaut, Michal},
  journal={Computational Management Science},
  volume={11},
  number={4},
  pages={503--516},
  year={2014},
  publisher={Springer}
}

@book{de1978practical,
  title={A practical guide to splines},
  author={De Boor, Carl and De Boor, Carl and Math{\'e}maticien, Etats-Unis and De Boor, Carl and De Boor, Carl},
  volume={27},
  year={1978},
  publisher={Springer-Verlag New York}
}

@article{bossavy2013forecasting,
  title={Forecasting ramps of wind power production with numerical weather prediction ensembles},
  author={Bossavy, Arthur and Girard, Robin and Kariniotakis, George},
  journal={Wind Energy},
  volume={16},
  number={1},
  pages={51--63},
  year={2013},
  publisher={Wiley Online Library}
}

@inproceedings{bossavy2013novel,
  title={A Novel Methodology for comparison of different wind power ramp characterization approaches},
  author={Bossavy, Arthur and Girard, Robin and Kariniotakis, Georges},
  booktitle={EWEA 2013-European Wind Energy Association annual event},
  pages={6--pages},
  year={2013}
}

@article{cui2016optimized,
  title={An optimized swinging door algorithm for identifying wind ramping events},
  author={Cui, Mingjian and Zhang, Jie and Florita, Anthony R and Hodge, Bri-Mathias and Ke, Deping and Sun, Yuanzhang},
  journal={IEEE Transactions on Sustainable Energy},
  volume={7},
  number={1},
  pages={150--162},
  year={2016},
  publisher={IEEE}
}  

@article{downing1982simple,
  title={Simple rainflow counting algorithms},
  author={Downing, Stephen D and Socie, DF},
  journal={International journal of fatigue},
  volume={4},
  number={1},
  pages={31--40},
  year={1982},
  publisher={Elsevier}
}

@article{karatepe2013wind,
  title={Wind speed estimation: incorporating seasonal data using Markov chain models},
  author={Karatepe, Selin and Corscadden, Kenneth W},
  journal={ISRN Renewable Energy},
  volume={2013},
  year={2013},
  publisher={Hindawi Publishing Corporation}
}

@book{mcclellan2003signal,
  title={Signal processing first},
  author={McClellan, James H and Schafer, Ronald W and Yoder, Mark A},
  year={2003},
  publisher={Pearson education Upper Saddle River, NJ}
}

@article{goldberg1988genetic,
  title={Genetic algorithms and machine learning},
  author={Goldberg, David E and Holland, John H},
  journal={Machine learning},
  volume={3},
  number={2},
  pages={95--99},
  year={1988},
  publisher={Springer}
}

@article{hartigan1979algorithm,
  title={Algorithm AS 136: A k-means clustering algorithm},
  author={Hartigan, John A and Wong, Manchek A},
  journal={Journal of the Royal Statistical Society. Series C (Applied Statistics)},
  volume={28},
  number={1},
  pages={100--108},
  year={1979},
  publisher={JSTOR}
}

@incollection{rinker2014including,
  title={Including SN-Curve Uncertainty in Fatigue Reliability Analyses of Wind Turbines},
  author={Rinker, Jennifer M and Gavin, Henri P},
  booktitle={Model Validation and Uncertainty Quantification, Volume 3},
  pages={375--381},
  year={2014},
  publisher={Springer}
}

@Article{ArticleNo1,
  author = 	 {Mishra, S. and Leinakse, M. and Palu, I.},
  title = 	 {Wind power variation identification using ramping behavior analysis},
  journal = 	 {Energy Procedia},
  volume={141},
  pages={565--571},
  year={2017},
  publisher={Elsevier}
}


@Article{ArticleNo2,
  author = 	 {S. Mishra and M. Leinakse and I. Palu and J. Kilter},
  title = 	 {Ramping Behaviour Analysis of Wind Farms},
  journal = 	 {EEEIC2018},
  year = 	 {2018},
  volume = 	 {1},
  number = 	 {1},
  pages = 	 {1--7},
}